<collection xmlns="http://www.loc.gov/MARC21/slim">
   <record>
      <leader>04408cam a2200433Ii 4500</leader>
      <controlfield tag="001">6657814</controlfield>
      <controlfield tag="003">FlBoTFG</controlfield>
      <controlfield tag="005">20140801114850.0</controlfield>
      <controlfield tag="006">m    |o  d |      </controlfield>
      <controlfield tag="007">cr |||</controlfield>
      <controlfield tag="008">140801t20152015fluabdf ob    001 0 eng d</controlfield>
      <datafield ind1=" " ind2=" " tag="020">
         <subfield code="a">9781466579637 (e-book : PDF)</subfield>
      </datafield>
      <datafield ind1=" " ind2=" " tag="035">
         <subfield code="a">ocn886374654</subfield>
      </datafield>
      <datafield ind1=" " ind2=" " tag="039">
         <subfield code="a">exclude</subfield>
      </datafield>
      <datafield ind1=" " ind2=" " tag="040">
         <subfield code="a">FlBoTFG</subfield>
         <subfield code="b">eng</subfield>
         <subfield code="c">FlBoTFG</subfield>
         <subfield code="e">rda</subfield>
         <subfield code="d">AEU</subfield>
      </datafield>
      <datafield ind1=" " ind2="4" tag="050">
         <subfield code="a">TC413</subfield>
         <subfield code="b">.R58 2015</subfield>
      </datafield>
      <datafield ind1=" " ind2=" " tag="090">
         <subfield code="a">Internet Access</subfield>
         <subfield code="b">AEU</subfield>
      </datafield>
      <datafield ind1="0" ind2="0" tag="245">
         <subfield code="a">River basin management in the twenty-first century :</subfield>
         <subfield code="b">understanding people and place /</subfield>
         <subfield code="c">editors: Victor R. Squires, Visiting Professor, College of Grassland Science, Gansu Agricultural University, Lanzhou, China and International Consultant, Adelaide, Australia, Hugh M. Milner, Water Management Consultant, Northbridge, NSW, Australia, Katherine A. Daniell, Research School of Social Sciences and Crawford School of Public Policy, The Australian National University, Canberra, ACT, Australia.</subfield>
      </datafield>
      <datafield ind1=" " ind2="1" tag="264">
         <subfield code="a">Boca Raton, FL :</subfield>
         <subfield code="b">CRC Press, Taylor &amp; Francis Group,</subfield>
         <subfield code="c">[2015]</subfield>
      </datafield>
      <datafield ind1=" " ind2="4" tag="264">
         <subfield code="c">©2015</subfield>
      </datafield>
      <datafield ind1=" " ind2=" " tag="300">
         <subfield code="a">1 online resource :</subfield>
         <subfield code="b">text file, PDF</subfield>
      </datafield>
      <datafield ind1=" " ind2=" " tag="336">
         <subfield code="a">text</subfield>
         <subfield code="2">rdacontent</subfield>
         <subfield code="0">http://id.loc.gov/vocabulary/contentTypes/txt</subfield>
      </datafield>
      <datafield ind1=" " ind2=" " tag="337">
         <subfield code="a">computer</subfield>
         <subfield code="2">rdamedia</subfield>
         <subfield code="0">http://id.loc.gov/vocabulary/mediaTypes/c</subfield>
      </datafield>
      <datafield ind1=" " ind2=" " tag="338">
         <subfield code="a">online resource</subfield>
         <subfield code="2">rdacarrier</subfield>
         <subfield code="0">http://id.loc.gov/vocabulary/carriers/cr</subfield>
      </datafield>
      <datafield ind1=" " ind2=" " tag="500">
         <subfield code="a">"A Science Publishers book."</subfield>
      </datafield>
      <datafield ind1=" " ind2=" " tag="504">
         <subfield code="a">Includes bibliographical references and index.</subfield>
      </datafield>
      <datafield ind1="0" ind2=" " tag="505">
         <subfield code="a">The hegemony of integrated water resources management as a global water discourse -- Beyond IWRM : developing territorial intelligence at the local scales -- Addressing implementation deficits related to IWRM in Canada -- Integrated watershed management of water and other natural resources in river basins of the United States -- Integrated water resources management of inland river basins in the Hexi Corridor, Gansu, China with special reference to the Shule River Basin -- The critical role of local farmers in IWRM in Ghaghra-Gomti Basin, India -- Managing transboundary river basins -- The privatization initiatives in the Turkish water sector : reflections on the transboundary water politics in the Euphrates-Tigris River Basin -- Challenges for management of the Orange/Senqu River Basin -- Political economy versus comparative advantage in the Nile basin : short term advantages or long term gain? -- Sustainable management of water resources in the Yellow River Basin : main issues and legal approaches -- People versus place in Australia’s Murray-Darling Basin : balancing economic, social ecosystem and community outcomes -- The role of water users associations in integrated water resource management of Zhangye City in Heihe River Basin, China -- Republic of Tajikistan : its role in the management of water resources in the Aral Sea Basin -- Lake Eyre Basin : challenges for managing the world’s most variable river system -- People and place as determinants of success or failure to meet management objectives in river basins -- From policy to practice : institutional arrangements for integrated river basin management in Nepal -- Sink or swim : alternative approaches to flood disaster reconstruction and mitigation -- The role of territorial intelligence : the case of the Thau Territory, Southern France -- Uniting perspectives : people and place in river basin management.</subfield>
      </datafield>
      <datafield ind1=" " ind2=" " tag="506">
         <subfield code="a">Access restricted to authorized users and institutions.</subfield>
      </datafield>
      <datafield ind1=" " ind2=" " tag="596">
         <subfield code="a">44</subfield>
      </datafield>
      <datafield ind1=" " ind2="0" tag="650">
         <subfield code="a">Watershed management.</subfield>
         <subfield code="0">http://id.loc.gov/authorities/subjects/sh85145748</subfield>
      </datafield>
      <datafield ind1=" " ind2="0" tag="650">
         <subfield code="a">Watersheds.</subfield>
         <subfield code="0">http://id.loc.gov/authorities/subjects/sh85145749</subfield>
      </datafield>
      <datafield ind1="1" ind2=" " tag="700">
         <subfield code="a">Squires, V. R.</subfield>
         <subfield code="q">(Victor R.),</subfield>
         <subfield code="d">1937- ,</subfield>
         <subfield code="e">editor.</subfield>
         <subfield code="0">http://id.loc.gov/authorities/names/n92110950</subfield>
         <subfield code="0">http://viaf.org/viaf/54317663</subfield>
      </datafield>
      <datafield ind1="1" ind2=" " tag="700">
         <subfield code="a">Milner, Hugh M.,</subfield>
         <subfield code="e">editor.</subfield>
         <subfield code="0">http://id.loc.gov/authorities/names/no2014066502</subfield>
         <subfield code="0">http://viaf.org/viaf/308761903</subfield>
      </datafield>
      <datafield ind1="1" ind2=" " tag="700">
         <subfield code="a">Daniell, Katherine A.,</subfield>
         <subfield code="d">1981- ,</subfield>
         <subfield code="e">editor.</subfield>
         <subfield code="0">http://id.loc.gov/authorities/names/n2011077954</subfield>
         <subfield code="0">http://viaf.org/viaf/201897686</subfield>
      </datafield>
      <datafield ind1=" " ind2=" " tag="758">
         <subfield code="0">http://worldcat.org/entity/work/id/4130877153</subfield>
      </datafield>
      <datafield ind1="0" ind2=" " tag="787">
         <subfield code="n">OCLC Work Id</subfield>
         <subfield code="o">http://worldcat.org/entity/work/id/4130877153</subfield>
      </datafield>
      <datafield ind1="4" ind2="0" tag="856">
         <subfield code="3">University of Alberta Access</subfield>
         <subfield code="u">http://marc.crcnetbase.com/isbn/9781466579637</subfield>
         <subfield code="z">(Unlimited Concurrent Users)</subfield>
      </datafield>
      <datafield ind1=" " ind2=" " tag="949">
         <subfield code="h">UAIN</subfield>
         <subfield code="z">CRC</subfield>
      </datafield>
      <datafield ind1=" " ind2=" " tag="926">
         <subfield code="a">Internet Access</subfield>
         <subfield code="w">LC</subfield>
         <subfield code="c">1</subfield>
         <subfield code="i">6657814-1001</subfield>
         <subfield code="l">INTERNET</subfield>
         <subfield code="m">UAINTERNET</subfield>
         <subfield code="r">Y</subfield>
         <subfield code="s">Y</subfield>
         <subfield code="t">E-RESOURCE</subfield>
         <subfield code="u">8/8/2014</subfield>
         <subfield code="x">E-BOOK</subfield>
         <subfield code="z">CRC</subfield>
      </datafield>
   </record>
</collection>
